@misc{nny-prism,
    author		= "Clarkson University",
    title		= "Northern {N}ew {Y}ork {P}artnership for {R}ural {I}ntegration of {S}cience and {M}athematics",
    year			= "2010"
},

@misc{nsf-cyberlearning,
    author		= "National Science Foundation",
    title		= "Cyberlearning: {T}ransforming {E}ducation {C}yberlearning",
    year     	= "2011",
    month    	= "09",
    note     	= "Solicitation 11-587"
},

@techreport{nsf-taskforce,
	author		= "Christine L. Borgman and Hal Abelson and Lee Dirks and Roberta Johnson and Kenneth R. Koedinger and Marcia C. Linn and Clifford A. Lynch and Diana G. Oblinger and Roy D. Pea and Katie Salen and Marshall S. Smith and Alex Szalay and NSF Task Force on Cyberlearning",
    title		= "Fostering {L}earning in the {N}etworked {W}orld: {T}he {C}yberlearning {O}pportunity and {C}hallenge",
    institution	= "National {S}cience {F}oundation",
    type			= "Report", 
    year			= "2008",
    month		= "08"
},

@misc{nys-step-op-manual,
	author		= "New York State Education Department",
	title		= "{STEP} {O}perations {M}anual",
    howpublished = "Website",
	year			= {2011},
	note			= {\url{http://www.highered.nysed.gov/kiap/step/}},
}